@article{dsouza2022,
    author={Ashlyn DSouza and Kavish Gandhi and Bruce Walker},
    title={Graph Ingestion Engine Project Report, Fall 2022},
    year={2022},
}
@article{fayed2024,
author={Mohamed Fayed and Varun Ramakrishnan and Bruce Walker},
title={Graph Ingestion Engine Report Fall 2024},
year={2024},
}
@article{dsouza2023,
author={Ashlin DSouza and Bruce Walker},
    title={Graph Ingestion Engine Project Report, Spring 2023},
year={2023},
}
@article{liu2022deplot,
  title={Deplot: One-shot visual language reasoning by plot-to-table translation},
  author={Liu, Fangyu and Eisenschlos, Julian Martin and Piccinno, Francesco and Krichene, Syrine and Pang, Chenxi and Lee, Kenton and Joshi, Mandar and Chen, Wenhu and Collier, Nigel and Altun, Yasemin},
  journal={arXiv preprint arXiv:2212.10505},
  year={2022}
}
@article{masry2022chartqa,
  title={Chartqa: A benchmark for question answering about charts with visual and logical reasoning},
  author={Masry, Ahmed and Long, Do Xuan and Tan, Jia Qing and Joty, Shafiq and Hoque, Enamul},
  journal={arXiv preprint arXiv:2203.10244},
  year={2022}
}
@article{masry2024chartgemma,
  title={ChartGemma: Visual Instruction-tuning for Chart Reasoning in the Wild},
  author={Masry, Ahmed and Thakkar, Megh and Bajaj, Aayush and Kartha, Aaryaman and Hoque, Enamul and Joty, Shafiq},
  journal={arXiv preprint arXiv:2407.04172},
  year={2024}
}


@inproceedings{joyner2016,
  author    = {Joyner, D. A. and Ashby, W. and Irish, L. and Lam, Y. and Langston, J. and Lupiani, I. and Lustig, M. and Pettoruto, P. and Sheahen, D. and Smiley, A. and Bruckman, A. and Goel, A.},
  title     = {Graders as Meta-Reviewers: Simultaneously Scaling and Improving Expert Evaluation for Large Online Classrooms},
  booktitle = {Proceedings of the Third Annual ACM Conference on Learning at Scale},
  location  = {Edinburgh, Scotland},
  year      = {2016}
}

@inproceedings{joyner2017,
  author    = {Joyner, D. A.},
  title     = {Scaling Expert Feedback: Two Case Studies},
  booktitle = {Proceedings of the Fourth Annual ACM Conference on Learning at Scale},
  location  = {Cambridge, Massachusetts},
  year      = {2017}
}

@inproceedings{joyner2018a,
  author    = {Joyner, D. A.},
  title     = {Intelligent Evaluation and Feedback in Support of a Credit-Bearing MOOC},
  booktitle = {Proceedings of the 19th International Conference on Artificial Intelligence in Education},
  location  = {London, United Kingdom},
  publisher = {Springer},
  year      = {2018}
}

@inproceedings{joyner2018b,
  author    = {Joyner, D. A.},
  title     = {Toward CS1 at Scale: Building and Testing a MOOC-for-Credit Candidate},
  booktitle = {Proceedings of the Fifth Annual ACM Conference on Learning at Scale},
  location  = {London, United Kingdom},
  publisher = {ACM Press},
  year      = {2018}
}

@inproceedings{newman2018,
  author    = {Newman, H. and Joyner, D. A.},
  title     = {Sentiment Analysis of Student Evaluations of Teaching},
  booktitle = {Proceedings of the 19th International Conference on Artificial Intelligence in Education},
  location  = {London, United Kingdom},
  publisher = {Springer},
  year      = {2018}
}
